<?xml version="1.0" encoding="UTF-8"?><collection xmlns="http://www.loc.gov/MARC21/slim"><record><leader>00333nam--2200133-i-4500</leader><controlfield tag="001">000030403</controlfield><controlfield tag="002">20161230</controlfield><controlfield tag="005">20161230201038</controlfield><controlfield tag="008">060222s1000------------r-----000-0-eng-d</controlfield><datafield ind1=" " ind2=" " tag="100"><subfield code="a">Mace De Lepinay, A</subfield></datafield><datafield ind1=" " ind2=" " tag="245"><subfield code="a">Vacouant, ch</subfield></datafield><datafield ind1=" " ind2=" " tag="260"><subfield code="a">Cours De Geometrie Elementaire</subfield></datafield><datafield ind1=" " ind2=" " tag="490"><subfield code="a">Paris, G.Masson, Editeur, 1986. 779p</subfield></datafield><datafield ind1=" " ind2=" " tag="852"><subfield code="a">514</subfield></datafield></record></collection>